\begin{thebibliography} {References}
@article{Top_Ten,
year={2008},
journal={Knowledge and Information Systems},
volume={14},
number={1},
title={Top 10 algorithms in data mining},
url={http://dx.doi.org/10.1007/s10115-007-0114-2},
publisher={Springer-Verlag},
author={Wu, Xindong and Kumar, Vipin and Ross Quinlan, J. and Ghosh, Joydeep and Yang, Qiang and Motoda, Hiroshi and McLachlan, GeoffreyJ. and Ng, Angus and Liu, Bing and Yu, PhilipS. and Zhou, Zhi-Hua and Steinbach, Michael and Hand, DavidJ. and Steinberg, Dan},
pages={1-37}
}

@incollection{Datawarehouse,
year={2011},
isbn={978-3-642-21532-2},
booktitle={Data-Warehouse-Systeme kompakt},
series={Xpert.press},
title={Data Mining},
url={http://dx.doi.org/10.1007/978-3-642-21533-9_11},
publisher={Springer Berlin Heidelberg},
author={Farkisch, Kiumars},
pages={97-114},
language={German}
}

@incollection{Association_Rules_Apriori_Impl,
year={2002},
isbn={978-3-7908-1517-7},
booktitle={Compstat},
editor={Härdle, Wolfgang and Rönz, Bernd},
title={Induction of Association Rules: Apriori Implementation},
url={http://dx.doi.org/10.1007/978-3-642-57489-4_59},
publisher={Physica-Verlag HD},
keywords={association rule; apriori algorithm; prefix tree; item coding},
author={Borgelt, Christian and Kruse, Rudolf},
pages={395-400},
language={English}
}

@incollection{Business_Intelligence,
year={2013},
isbn={978-3-642-35559-2},
booktitle={Business Intelligence},
series={eXamen.press},
title={Data Mining},
url={http://dx.doi.org/10.1007/978-3-642-35560-8_3},
publisher={Springer Berlin Heidelberg},
author={Müller, Roland M. and Lenz, Hans-Joachim},
pages={75-120},
language={German}
}

@online {TU_Dortmund,
year={2010},
institution={Technische Universität Dortmund},
author={Kern-Isberner, Gabriele},
title={Darstellung, Verarbeitung und Erwerb von Wissen},
url={http://ls1-www.cs.uni-dortmund.de/ie/lehre/ws1011/dvew/folien/dvew_section_5_handout.pdf},
urldate = {2015-06-27}
}

@incollection{IBM,
year={1994},
title={Fast Algorithms for Mining Association Rules},
organization={IBM Almaden Research Center},
isbn={ISBN 1-55860-153-8},
url={http://rakesh.agrawal-family.com/papers/vldb94apriori.pdf},
urldate = {2015-06-28},
publisher={Morgan Kaufmann Publishers Inc.},
booktitle={Very large data bases. Proceedings of the 20th International Conference on Very Large Data Bases},
author={Agrawal, Rakesh and Srikant, Ramakrishnan},
pages={487–499}
}

@article{VARIANTEN,
 author = {Hipp, Jochen and G\"{u}ntzer, Ulrich and Nakhaeizadeh, Gholamreza},
 title = {Algorithms for Association Rule Mining - a General Survey and Comparison},
 journal = {SIGKDD Explor. Newsl.},
 issue_date = {June, 2000},
 volume = {2},
 number = {1},

 year = {2000},

 url = {http://www.kdd.org/sites/default/files/issues/2-1-2000-06/hipp.pdf},
 acmid = {360421},
 publisher = {ACM},
} 
\end{thebibliography}