@misc{Drucker2009,
author = {Drucker, Peter F. and Ferber, Marlies},
keywords = {3527504516,Betriebswirtschaft,Business,Business {\&} Economics / General,Business {\&} management,Die f{\"{u}}nf entscheidenden Fragen des Managements,Einf{\"{u}}hrung,Management,Management {\&} Business: General,Management und Managementtechniken,Marlies Ferber,Peter F. Drucker,Strategisches Management,Wiley-VCH Verlag GmbH {\&} Co. KGaA,Wirtschaft / Management},
title = {{Die f{\"{u}}nf entscheidenden Fragen des Managements}},
urldate = {2015-10-30},
year = {2009}
}
@misc{Duden2015,
author = {Duden, Antje and Pferrer, Uschi},
institution = {Fachhochschule Vorarlberg},
title = {{F{\"{u}}hrungstraining im Master - Reader zum Seminar}},
year = {2015}
}
@misc{Wunderer2011,
author = {Wunderer, Rolf},
keywords = {f{\"{u}}hrung und zusammenarbeit},
title = {{F{\"{u}}hrung und Zusammenarbeit: Eine unternehmerische F{\"{u}}hrungslehre}},
year = {2011}
}
